<record><leader>00000cas a2200000 a 4500</leader><controlfield tag="001">35098465</controlfield><controlfield tag="008">960717d18981954miuwr ne      0    0eng c</controlfield><datafield ind1=" " ind2=" " tag="010"><subfield code="a">sn 96076855 </subfield></datafield><datafield ind1=" " ind2=" " tag="040"><subfield code="a">MHN</subfield><subfield code="b">eng</subfield><subfield code="c">MHN</subfield><subfield code="d">DLC</subfield><subfield code="d">OCL</subfield><subfield code="d">OCLCQ</subfield><subfield code="d">OCLCO</subfield></datafield><datafield ind1="1" ind2=" " tag="029"><subfield code="a">AU@</subfield><subfield code="b">000012679638</subfield></datafield><datafield ind1=" " ind2=" " tag="042"><subfield code="a">pcc</subfield></datafield><datafield ind1=" " ind2=" " tag="043"><subfield code="a">n-us-mi</subfield></datafield><datafield ind1="0" ind2="4" tag="245"><subfield code="a">The Elkton advance.</subfield></datafield><datafield ind1=" " ind2=" " tag="260"><subfield code="a">Elkton, Mich. :</subfield><subfield code="b">George V. Hartman</subfield></datafield><datafield ind1=" " ind2=" " tag="300"><subfield code="a">v.</subfield></datafield><datafield ind1=" " ind2=" " tag="310"><subfield code="a">Weekly</subfield></datafield><datafield ind1="1" ind2=" " tag="362"><subfield code="a">Began in 1898?</subfield></datafield><datafield ind1="0" ind2=" " tag="362"><subfield code="a">-55th yr., no. 25 (Nov. 25, 1954).</subfield></datafield><datafield ind1=" " ind2=" " tag="580"><subfield code="a">Merged with: Pigeon progress, to form: Progress-advance.</subfield></datafield><datafield ind1=" " ind2=" " tag="588"><subfield code="a">Description based on: 40th yr., no. 28 (Jan. 6, 1938).</subfield></datafield><datafield ind1=" " ind2="0" tag="651"><subfield code="a">Elkton (Mich.)</subfield><subfield code="v">Newspapers.</subfield></datafield><datafield ind1=" " ind2="0" tag="651"><subfield code="a">Huron County (Mich.)</subfield><subfield code="v">Newspapers.</subfield></datafield><datafield ind1=" " ind2=" " tag="752"><subfield code="a">United States</subfield><subfield code="b">Michigan</subfield><subfield code="c">Huron</subfield><subfield code="d">Elkton.</subfield></datafield><datafield ind1="1" ind2="7" tag="785"><subfield code="t">Pigeon progress</subfield><subfield code="w">(DLC)sn 96067000</subfield><subfield code="w">(OCoLC)35101531</subfield></datafield><datafield ind1="1" ind2="7" tag="785"><subfield code="t">Progress-advance</subfield><subfield code="w">(DLC)sn 96076854</subfield><subfield code="w">(OCoLC)35099071</subfield></datafield></record>